@article{CNOT,
	author = {Saffman, Mark},
	title = {Demonstration of a Neutral Atom Controlled-NOT Quantum Gate},
	journal = {Physical Review Letters},
	volume = {\textbf{104}:010503},
	number = {},
	month = {January},
	year = {2010}
}

@article{Saff-rev,
	author = {Saffman, Mark and Walker, Thad G. and Mølmer, Klaus},
	title = {Quantum information with {R}ydberg atoms},
	journal = {Reviews of Modern Physics},
	volume = {Volume 82},
	number = {},
	month = {July-September},
	year = {2010}
}

@article{Lukin,
	author = {Lukin, M.D.},
	title = {Dipole Blockade and Quantum Information Processing in Mesoscopic Atomic Ensembles},
	journal = {Physical Review Letters},
	volume = {Volume 87},
	number = {Number 3},
	month = {July},
	year = {2001}
}

@article{Ilya,
	author = {Beterov, Ilya and MacCormick, Calum},
	title = {Deterministic single-atom excitation via adiabatic passage and {R}ydberg blockade},
	journal = {Physical Review A},
	volume = {Volume 84},
	number = {023413},
	month = {},
	year = {2001}
}

@article{Molmer,
	author = {Mølmer, Klaus and Petrosyan, David},
	title = {Stimulated adiabatic passage in a dissipative {R}ydberg superatom},
	journal = {ArXiv},
	volume = {1302},
	number = {0682},
	month = {February},
	year = {2013}
}


@article{Berg,
	author = {Bergmann, K. and Theuer, H and Shore, B.W.},
	title = {Coherent population transfer among quantum states of atoms and molecules},
	journal = {Reviews of Modern Physics},
	volume = {70},
	number = {3},
	month = {July},
	year = {1998}
}

@misc{Pfeiffer,
	author = {Pfeiffer-Vacuum},
	howpublished = "\url{http://www.pfeiffer-vacuum.com/know-how/container.action}"
}
